
@bookinjournal{bookinjournal,
Author = {{Alexander of Aphrodisias}},
Title = {On Time},
Journaltitle = {Phronesis},
Number = {1},
Pages = {58-81},
Bookineditor = {Robert W. Sharples},
Volume = {27},
Year = {1982}}
