
@mvbook{Malamut1988,
	Author = {Élisabeth Malamut},
	Title = {Les îles de l'empire byzantin},
	Volumes = {2}}


@bookinarticle{memfecunda,
	title			= {memoria fecunda [bologna 1425]},
	bookauthor	= {pack, roger a.},
	maintitle		= {an ars memorativa from the late middle ages},
	journaltitle	= {archives d'histoire doctrinale et littéraire du moyen age},
	volume		= {54},
	year		= {1979},
	pages		= {221--275}
}

@bookinarticle{PetrusUrbeVet,
	author		= {{Petrus de Urbe veteri}},
	title			= {Ars memorie artificialis [Bologna 1418]},
	bookauthor	= {Zappacosta, Guiglielmo},
	maintitle		= {Artis memoriae artificialis libellus ex quodam saeculi XV Codice Ms},
	journaltitle	= {Latinitas},
	volume		= {20},
	year		= {1972},
	pages		= {290--302}
}
