@Bookinarticle{Boethus1985, 
author = {Boethus}, 
bookauthor = {Dyck, Andrew R.}, 
journal = {«Harvard Studies in Classical Philology»}, 
pages = {75--84}, 
title = {Lexicorum platonicorum fragmenta}, 
volume = {89}, 
year = {1985}, 
keywords = {auctores}, 
maintitle = {Notes on platonic lexicography in antiquity}, 
shorthand = {Boeth.}
}
