@collection{Doe2016,
    Editor = {John Doe},
    Eventdate = {2010-01-01/2010-01-05},
    Location = {Paris},
    Publisher = {Publisher},
    Title = {A Collection of Contribution},
    Year = {2016}}
@bookincollection{Aristotle2016,
    Author = {Aristotle},
    Title = {The Ancient Text},
    Crossref = {Doe2016},
    Pages = {20-50},
}
