@phdthesis{phd:2015,
    Address = {Paris},
    Author = {John Doe},
    Title = {A Nice Title},
    Subtitle = {A Very Nice Subtitle},
    School = {Sorbonne},
    Year = {2015}}
@bookinphd{inphd:2015,
    Author = {Aristotle},
    Title = {The Ancient Text},
    Crossref = {phd:2015},
    Pages = {20--55}
}
