@bookinarticle{BHG226e,
	Crossref = {VanDeun1990},
	Pages = {326-335},
	Title = {Mémoire sur le saint apôtre Barnabé}}

@article{VanDeun1990,
	Author = {Van Deun, Peter},
	Journal = {Analecta Bollandiana},
	Number = {108},
	Pages = {323-335},
	Subtitle = {Édition et traduction},
	Title = {Un mémoire anonyme sur saint Barnabé (BHG 226e)},
	Year = {1990}}